<?xml version="1.0" encoding="UTF-8"?><collection xmlns="http://www.loc.gov/MARC21/slim"><record><leader>00381nam--2200121-i-4500</leader><controlfield tag="001">000031343</controlfield><controlfield tag="002">20161230</controlfield><controlfield tag="005">20161230201038</controlfield><controlfield tag="008">060222s1000------------r-----000-0-eng-d</controlfield><datafield ind1=" " ind2=" " tag="080"><subfield code="a">801.323.1:803.0:530.1</subfield></datafield><datafield ind1=" " ind2=" " tag="245"><subfield code="a">Mathematisches worterbuch mit einbeziehung der theoretischen physik. bearbeitet und herausgegeben</subfield></datafield><datafield ind1=" " ind2=" " tag="260"><subfield code="a">Berlin, Akademie-verlag, 1967, Xiii + 952p</subfield></datafield><datafield ind1=" " ind2=" " tag="852"><subfield code="a">8614</subfield></datafield></record></collection>